<record><leader>00000cas a22000007a 4500</leader><controlfield tag="001">4098622</controlfield><controlfield tag="008">780731c19629999cauwr ne      0   a0eng c</controlfield><datafield ind1=" " ind2=" " tag="010"><subfield code="a">sn 78005139 </subfield></datafield><datafield ind1=" " ind2=" " tag="040"><subfield code="a">HUL</subfield><subfield code="b">eng</subfield><subfield code="c">HUL</subfield><subfield code="d">NSD</subfield><subfield code="d">CNK</subfield><subfield code="d">OCLCQ</subfield><subfield code="d">OCLCF</subfield><subfield code="d">OCLCO</subfield></datafield><datafield ind1=" " ind2=" " tag="012"><subfield code="j">1</subfield><subfield code="k">1</subfield><subfield code="m">1</subfield></datafield><datafield ind1="1" ind2=" " tag="022"><subfield code="a">0030-4298</subfield><subfield code="l">0030-4298</subfield><subfield code="2">1</subfield></datafield><datafield ind1="1" ind2=" " tag="029"><subfield code="a">AU@</subfield><subfield code="b">000025830391</subfield></datafield><datafield ind1=" " ind2=" " tag="032"><subfield code="a">929060</subfield><subfield code="b">USPS</subfield></datafield><datafield ind1=" " ind2=" " tag="037"><subfield code="b">Orange County Jewish Heritage, 2130 S. Vermont Ave., Los Angeles CA 90007-1698</subfield></datafield><datafield ind1=" " ind2=" " tag="042"><subfield code="a">nsdp</subfield><subfield code="a">pcc</subfield></datafield><datafield ind1=" " ind2="0" tag="222"><subfield code="a">Orange County Jewish heritage</subfield></datafield><datafield ind1="0" ind2="0" tag="245"><subfield code="a">Orange County Jewish heritage.</subfield></datafield><datafield ind1="1" ind2="7" tag="246"><subfield code="a">Orange County heritage</subfield></datafield><datafield ind1=" " ind2=" " tag="260"><subfield code="a">Garden Grove [Calif.] :</subfield><subfield code="b">Heritage Pub. Co.</subfield></datafield><datafield ind1=" " ind2=" " tag="300"><subfield code="a">v.</subfield></datafield><datafield ind1=" " ind2=" " tag="310"><subfield code="a">Weekly,</subfield><subfield code="b">May 6, 1977-</subfield></datafield><datafield ind1=" " ind2=" " tag="321"><subfield code="a">Monthly,</subfield><subfield code="b">Dec. 20, 1962-&lt;Dec. 18, 1970&gt;</subfield></datafield><datafield ind1=" " ind2=" " tag="321"><subfield code="a">Biweekly,</subfield><subfield code="b">&lt;Oct. 1, 1971&gt;-Apr. 22, 1977</subfield></datafield><datafield ind1="0" ind2=" " tag="362"><subfield code="a">Vol. 5723, no. 1 (Dec. 20, 1962)-</subfield></datafield><datafield ind1=" " ind2=" " tag="500"><subfield code="a">Publication moved to Santa Ana, Calif.</subfield></datafield><datafield ind1=" " ind2="0" tag="650"><subfield code="a">Jewish newspapers</subfield><subfield code="z">California.</subfield></datafield><datafield ind1=" " ind2="0" tag="651"><subfield code="a">Orange County (Calif.)</subfield><subfield code="v">Newspapers.</subfield></datafield><datafield ind1=" " ind2="7" tag="655"><subfield code="a">Newspapers.</subfield><subfield code="2">fast</subfield><subfield code="0">(OCoLC)fst01423814</subfield></datafield><datafield ind1=" " ind2="7" tag="650"><subfield code="a">Jewish newspapers.</subfield><subfield code="2">fast</subfield><subfield code="0">(OCoLC)fst00982872</subfield></datafield><datafield ind1=" " ind2="7" tag="651"><subfield code="a">California.</subfield><subfield code="2">fast</subfield><subfield code="0">(OCoLC)fst01204928</subfield></datafield><datafield ind1=" " ind2="7" tag="651"><subfield code="a">California</subfield><subfield code="z">Orange County.</subfield><subfield code="2">fast</subfield><subfield code="0">(OCoLC)fst01206289</subfield></datafield><datafield ind1=" " ind2=" " tag="752"><subfield code="a">United States</subfield><subfield code="b">California</subfield><subfield code="c">Orange</subfield><subfield code="d">Garden Grove.</subfield></datafield><datafield ind1="1" ind2=" " tag="775"><subfield code="t">Heritage Southwest Jewish press</subfield><subfield code="w">(DLC)sn 96064431</subfield></datafield><datafield ind1="1" ind2=" " tag="775"><subfield code="t">Southwest Jewish press heritage</subfield><subfield code="w">(DLC)sn 96064430</subfield></datafield><datafield ind1="1" ind2=" " tag="775"><subfield code="t">San Diego Jewish press heritage</subfield><subfield code="w">(DLC)sn 95068808</subfield></datafield><datafield ind1="1" ind2=" " tag="775"><subfield code="t">Central Valley Jewish heritage</subfield><subfield code="w">(DLC)sn 96064432</subfield></datafield><datafield ind1="1" ind2=" " tag="775"><subfield code="t">Central California Jewish heritage</subfield><subfield code="w">(DLC)sn 96064433</subfield></datafield></record>